@techreport{MP_SALSA,
	year = {1995},
	title= {MPSalsa: A finite element computer program for reacting flow problems, Part 1 - Theoretical development},
	author = {John N. Shadid and Harry K. Moffat and S. A. Hutchinson and G. L. Hennigan and K. D. Devine and Andrew G. Salinger},
	number={SAND95-2752},
	institution={Sandia National Laboratories, Albuquerque, NM (United States)}
}
@article{Goma_two_phase_flow,
	author={P. Randall Schunk and Rekha R. Rao},
	year={1994},
	title={Finite element analysis of multicomponent two-phase flows with interphase mass and momentum transport},
	journal={Int. J. Numer. Meth. Fluids},
	volume={18},
	pages={821--842}
}
@article{PseudoSolid,
    author={Phillip A. Sackinger and P. Randall Schunk and Rekha R. Rao},
    year={1996},
    title={A Newton-Raphson pseudo-solid domain mapping technique for free and moving boundary problems: A finite element implementation},
    journal={J. Comp. Phys.},
    volume={125},
    pages={83--103}
}
@UNPUBLISHED{SolGelProceeding,
	AUTHOR =       {Richard A. Cairncross and Ken S. Chen and P. Randall Schunk and C. Jeffrey Brinker and A. J. Hurd},
	TITLE =        {Recent advances in theoretical modeling of deposition, drying, and shrinkage in sol-gel coating processes},
	NOTE =         {Proceedings on Computational Modeling of Materials and Processing Symposium at the American Ceramic Society National Meeting Cincinnati, Ohio},
	year =         {1995}
}
@UNPUBLISHED{BladeProceeding,
	AUTHOR =       {Ken S. Chen and P. Randall Schunk and Phillip A. Sackinger},
	TITLE =        {Finite element analyses of blade and slot coating flows using a Newton-Raphson pseudo-solid domain mapping technique and unstructured grids},
	NOTE =         {Proceedings of the TAPPI Conference},
	year =         {1995}
}
@article{Goma_remelting,
	author={L. A. Bertram and P. Randall Schunk and S. N. Kempka and F. Spadafora and R. Minisandram},
	year={1998},
	title={The macroscale simulation of remelting processes},
	journal={J. of Minerals, Metals, and Materials Society},
	volume={50},
	pages={18--21}
}
@article{GomaFEM_part1,
    author={Richard A. Cairncross and P. Randall Schunk and Thomas A. Baer and Rekha R. Rao and Phillip A. Sackinger},
    year={2000},
    title={A finite element method for free surface flows of incompressible fluids in three dimensions. Part I. Boundary fitted mesh motion},
    journal={Int. J. Numer. Meth. Fluids},
    volume={33},
    pages={375--403}
}
@article{GomaFEM_part2,
	author={Thomas A. Baer and P. Randall Schunk and Richard A. Cairncross and Rekha R. Rao and Phillip A. Sackinger},
	year={2000},
	title={A finite element method for free surface flows of incompressible fluids in three dimensions. Part II. Dynamic wetting lines},
	journal={Int. J. Numer. Meth. Fluids},
	volume={33},
	pages={405--427}
}
@techreport{Goma_iterative_solver,
	year = {2001},
	title= {Iterative solvers and preconditioners for fully-coupled finite element formulations of incompressible fluid mechanics and related transport problems},
	author = {P. Randall Schunk and Michael A. Heroux and Rekha R. Rao and Thomas A. Baer and Sam R. Subia and Amy C. Sun},
	number={SAND2001-3512J},
	institution={Sandia National Laboratories, Albuquerque, NM (United States)}
}
@techreport{Goma_2_manual,
	year = {1997},
	title= {GOMA 2.0- A full-Newton finite element program for free and moving boundary Problems with coupled fluid/solid momentum, energy, mass, and chemical species transport: User’s guide},
	author = {P. Randall Schunk and Phillip A. Sackinger and Rekha R. Rao and Richard A. Cairncross and Thomas A. Baer and Duane A. Labreche},
	number={SAND97-2404},
	institution={Sandia National Laboratories, Albuquerque, NM (United States)}
}
@techreport{TALE_SAND,
	year = {2000},
	title= {TALE: An Arbitrary Lagrangian-Eulerian approach to fluid-structure interaction problems},
	author = {P. Randall Schunk},
	number={SAND2000-0807},
	institution={Sandia National Laboratories, Albuquerque, NM (United States)}
}
@techreport{Goma_Advance_Capabilities_SAND,
	year = {2000},
	title= {Advanced capabilities in GOMA 3.0 - augmenting conditions, automatic continuation and linear stability analysis},
	author = {Ian D. Gates and Duane A. Labreche and Matthew M. Hopkins},
	number={SAND2000-2465},
	institution={Sandia National Laboratories, Albuquerque, NM (United States)}
}
@techreport{Goma_encapsulation_SAND,
	year = {2001},
	title= {Verification and validation of encapsulation flow models in GOMA, Version 1.1},
	author = {Rekha R. Rao and Lisa A. Mondy and P. Randall Schunk and Phillip A. Sackinger and D. B. Adolf},
	number={SAND2001-2947},
	institution={Sandia National Laboratories, Albuquerque, NM (United States)}
}
@article{GartlingBrinkman,
    author={David K. Gartling and C. E. Hickox and R. C. Givler},
    year={1996},
    title={Simulations of coupled viscous and porous flow problems},
    journal={Comp. Fluid Dynamics},
    volume={7},
    pages={23--48}
}
@techreport{LOCA_SAND,
	year = {2002},
	title= {LOCA 1.0: Theory and implementation manual},
	author = {Andrew G. Salinger and N. M. Bou-Rabbe and E. A. Burroughs and R. B. Lehoucq and Roger P. Palowski and L. A. Romero and Edward D. Wilkes},
	number={SAND2002-0396},
	institution={Sandia National Laboratories, Albuquerque, NM (United States)}
}
@techreport{Aztec_SAND,
	year = {1995},
	title= {Aztec User’s Guide Version 1.0},
	author = {S. A. Hutchinson and John N. Shadid and Raymond S. Tuminaro},
	number={SAND95-1559},
	institution={Sandia National Laboratories, Albuquerque, NM (United States)}
}
@techreport{iterative_solver_SAND,
	year = {1992},
	title= {Iterative solvers in implicit finite element codes},
	author = {P. Randall Schunk and John N. Shadid},
	number={SAND92-1158},
	institution={Sandia National Laboratories, Albuquerque, NM (United States)}
}
@techreport{VBR_SAND,
	year = {1992},
	title= {A proposal for a sparse BLAS toolkit},
	author = {Michael A. Heroux},
	number={TR/PA/92/90},
	institution={CERFACS}
}
@article{HoodFrontal,
	author={P. Hood},
	year={1976},
	title={Frontal solution program for unsymmetric matrices},
	journal={Int. J. Numer. Meth. Engr.},
	volume={10},
	pages={379--399}
}
@techreport{Aztec_2_SAND,
	year = {1999},
	title= {Official Aztec User’s Guide Version 2.1},
	author = {Raymond S. Tuminaro and Michael A. Heroux and S. A. Hutchinson and John. N. Shadid},
	number={SAND99-8801J},
	institution={Sandia National Laboratories, Albuquerque, NM (United States)}
}
@article{PSPG,
	author={Thomas J. R. Hughes and L. P. Franca},
	year={1987},
	title={A new finite element formulation for computational fluid dynamics: VII The Stokes problem with various well-posed boundary conditions: Symmetric formulations
	that converge for all velocity/pressure spaces},
	journal={Comput. Methods Appl. Mech. Engrg.},
	volume={59},
	pages={85--99}
}
@INCOLLECTION{KistlerScrivenCoatingFlow,
	AUTHOR =       {Stephan F. Kistler and L. E. Scriven},
	editor =       {J. M Pearson and S. M. Richardson},
	TITLE =        {Coating flow},
	PUBLISHER =    {Applied Science Publishers},
	YEAR =         {1983},
	BOOKTITLE =    {Computational Analysis of Polymer Processing},
	address =      {London, UK}
}
@BOOK{C_Programming,
author={B. W. Kernighan and D. M. Ritchie},
title={The C programming language},
publisher={PTR Prentice Hall},
address={New York, NY},
year={1988},
edition={2nd}
}
@techreport{ExodusII_SAND,
	year = {1992},
	title= {EXODUS II: A finite element data model},
	author = {L. A. Schoof and V. R. Yarberry},
	number={SAND92-2137},
	institution={Sandia National Laboratories, Albuquerque, NM (United States)}
}
@manual{Sparse_User_Guide,
	AUTHOR =       {Kenneth S. Kundert},
	TITLE =        {Sparse user's guide - A sparse linear equation solver},
    YEAR =         {2003}
}
@article{UMFPack,
	author={Timothy A. Davis and Iain S. Duff},
	year={1997},
	title={An unsymmetric-pattern multifrontal method for sparse LU factorization},
	journal={SIAM J. Matrix Analysis and Applications},
	volume={18},
    issue={1},
	pages={140--158}
}
